@article{textclass2021review,
  title={Deep learning--based text classification: a comprehensive review},
  author={Minaee, Shervin and Kalchbrenner, Nal and Cambria, Erik and Nikzad, Narjes and Chenaghlu, Meysam and Gao, Jianfeng},
  journal={ACM computing surveys (CSUR)},
  volume={54},
  number={3},
  pages={1--40},
  year={2021},
  publisher={ACM New York, NY, USA}
}

@article{he2021debertav3,
  title={Debertav3: Improving deberta using electra-style pre-training with gradient-disentangled embedding sharing},
  author={He, Pengcheng and Gao, Jianfeng and Chen, Weizhu},
  journal={arXiv preprint arXiv:2111.09543},
  year={2021}
}

@article{esmadisinformation2023,
  title={Fake news, disinformation and misinformation in social media: a review},
  author={Esma Aïmeur and Sabrine Amri and Gilles Brassard},
  journal={Social Network Analysis and Mining},
  year={2023},
  volume={13},
  number={30},
}

@article{guo_automated_factcheckingsurvey,
  title={A Survey on Automated Fact-Checking},
  author={Zhijiang Guo and Michael Schlichtkrull and Andreas Vlachos},
  journal={Transactions of the Association for Computational Linguistics},
  year={2022},
  volume={10},
  pages={178--206}
}

@article{konstantinovskiy,
  title={Toward Automated Factchecking: Developing an Annotation Schema and Benchmark for Consistent Automated Claim Detection},
  author={Lev Konstantinovskiy and Oliver Price and Mevan Babakar and Arkaitz Zubiaga},
  journal={Digital Threats: Research and Practice},
  year={2022},
  volume={2},
  pages={1--16},
  number={14},
  doi={https://doi.org/10.1145/3412869}
}

@article{claimbuster_arslan,
  title={A Benchmark Dataset of Check-Worthy Factual Claims},
  author={Fatma Arslan and Naeemul Hassan and Chengkai Li and Mark Tremayne},
  journal={Proceedings of the International AAAI Conference on Web and Social Media},
  year={2020},
  volume={14},
  pages={821--829},
  doi={https://doi.org/10.1609/icwsm.v14i1.7346}
}

@article{f1_score,
author = {Christen, Peter and Hand, David J. and Kirielle, Nishadi},
title = {A Review of the F-Measure: Its History, Properties, Criticism, and Alternatives},
year = {2023},
issue_date = {March 2024},
publisher = {Association for Computing Machinery},
address = {New York, NY, USA},
volume = {56},
number = {3},
issn = {0360-0300},
url = {https://doi.org/10.1145/3606367},
doi = {10.1145/3606367},
journal = {ACM Comput. Surv.},
month = {oct},
articleno = {73},
numpages = {24},
keywords = {pragmatic measure, representational measure, F*-measure, F1-measure, F1-score, performance assessment, Supervised classification}
}

@inproceedings{mnli2018,
    title = "A Broad-Coverage Challenge Corpus for Sentence Understanding through Inference",
    author = "Williams, Adina and Nangia, Nikita and Bowman, Samuel",
    editor = "Walker, Marilyn and Ji, Heng and Stent, Amanda",
    booktitle = "Proceedings of the 2018 Conference of the North {A}merican Chapter of the Association for Computational Linguistics: Human Language Technologies, Volume 1 (Long Papers)",
    month = jun,
    year = "2018",
    address = "New Orleans, Louisiana",
    publisher = "Association for Computational Linguistics",
    url = "https://aclanthology.org/N18-1101",
    doi = "10.18653/v1/N18-1101",
    pages = "1112--1122",
}

@inproceedings{squad2018,
    title = "Know What You Don{'}t Know: Unanswerable Questions for {SQ}u{AD}",
    author = "Rajpurkar, Pranav  and
      Jia, Robin  and
      Liang, Percy",
    editor = "Gurevych, Iryna  and
      Miyao, Yusuke",
    booktitle = "Proceedings of the 56th Annual Meeting of the Association for Computational Linguistics (Volume 2: Short Papers)",
    month = jul,
    year = "2018",
    address = "Melbourne, Australia",
    publisher = "Association for Computational Linguistics",
    url = "https://aclanthology.org/P18-2124",
    doi = "10.18653/v1/P18-2124",
    pages = "784--789",
}

@article{roberta2019,
  title={Roberta: A robustly optimized bert pretraining approach},
  author={Liu, Yinhan and Ott, Myle and Goyal, Naman and Du, Jingfei and Joshi, Mandar and Chen, Danqi and Levy, Omer and Lewis, Mike and Zettlemoyer, Luke and Stoyanov, Veselin},
  journal={arXiv preprint arXiv:1907.11692},
  year={2019}
}

@article{xlnet2019,
  title={Xlnet: Generalized autoregressive pretraining for language understanding},
  author={Yang, Zhilin and Dai, Zihang and Yang, Yiming and Carbonell, Jaime and Salakhutdinov, Russ R and Le, Quoc V},
  journal={Advances in neural information processing systems},
  volume={32},
  year={2019}
}

@inproceedings{electra2020,
  title = {ELECTRA: Pre-training Text Encoders as Discriminators Rather Than Generators},
  author = {Kevin Clark and Thang Luong and Quoc V. Le and Christopher Manning},
  year = {2020},
  URL	= {https://openreview.net/pdf?id=r1xMH1BtvB},
  booktitle = {ICLR}}

@article{mi_rafiqul,
  title={Deep learning for misinformation detection on online social networks: a survey and new perspectives.},
  author={Md Rafiqul Islam and Shaowu Liu and Xianzhi Wang and Guandong Xu},
  journal={Social Network Analysis and Mining},
  volume={10},
  number={82},
  year={2020},
  doi={https://doi.org/10.1007/s13278-020-00696-x}
}

@article{mi_alessandro_bondielli,
title = {A survey on fake news and rumour detection techniques},
journal = {Information Sciences},
volume = {497},
pages = {38-55},
year = {2019},
issn = {0020-0255},
doi = {https://doi.org/10.1016/j.ins.2019.05.035},
url = {https://www.sciencedirect.com/science/article/pii/S0020025519304372},
author = {Alessandro Bondielli and Francesco Marcelloni},
keywords = {Fake news, Rumours, Natural language processing, Data mining, Text mining, Classification, Machine learning, Deep learning}
}

@article{mi_liang_wu,
author = {Wu, Liang and Morstatter, Fred and Carley, Kathleen M. and Liu, Huan},
title = {Misinformation in Social Media: Definition, Manipulation, and Detection},
year = {2019},
issue_date = {December 2019},
publisher = {Association for Computing Machinery},
address = {New York, NY, USA},
volume = {21},
number = {2},
issn = {1931-0145},
url = {https://doi.org/10.1145/3373464.3373475},
doi = {10.1145/3373464.3373475},
journal = {SIGKDD Explor. Newsl.},
month = {nov},
pages = {80–90},
numpages = {11}
}


@Article{mi_amer,
AUTHOR = {Amer, Eslam and Kwak, Kyung-Sup and El-Sappagh, Shaker},
TITLE = {Context-Based Fake News Detection Model Relying on Deep Learning Models},
JOURNAL = {Electronics},
VOLUME = {11},
YEAR = {2022},
NUMBER = {8},
ARTICLE-NUMBER = {1255},
URL = {https://www.mdpi.com/2079-9292/11/8/1255},
ISSN = {2079-9292},
DOI = {10.3390/electronics11081255}
}

@inproceedings{adam_w,
title={Decoupled Weight Decay Regularization},
author={Ilya Loshchilov and Frank Hutter},
booktitle={International Conference on Learning Representations},
year={2019},
url={https://openreview.net/forum?id=Bkg6RiCqY7},
}

@inproceedings{mi_fernandez,
author = {Fernandez, Miriam and Alani, Harith},
title = {Online Misinformation: Challenges and Future Directions},
year = {2018},
isbn = {9781450356404},
publisher = {International World Wide Web Conferences Steering Committee},
address = {Republic and Canton of Geneva, CHE},
url = {https://doi.org/10.1145/3184558.3188730},
doi = {10.1145/3184558.3188730},
booktitle = {Companion Proceedings of the The Web Conference 2018},
pages = {595–602},
numpages = {8},
keywords = {future directions, misinformation, technology development},
location = {Lyon, France},
series = {WWW '18}
}

@misc{mid_preslav,
      title={Automated Fact-Checking for Assisting Human Fact-Checkers}, 
      author={Preslav Nakov and David Corney and Maram Hasanain and Firoj Alam and Tamer Elsayed and Alberto Barrón-Cedeño and Paolo Papotti and Shaden Shaar and Giovanni Da San Martino},
      year={2021},
      eprint={2103.07769},
      archivePrefix={arXiv},
      primaryClass={cs.AI}
}

@article{DL_B_Junaed_Benchmark,
title = {A benchmark study of machine learning models for online fake news detection},
journal = {Machine Learning with Applications},
volume = {4},
pages = {100032},
year = {2021},
issn = {2666-8270},
doi = {https://doi.org/10.1016/j.mlwa.2021.100032},
url = {https://www.sciencedirect.com/science/article/pii/S266682702100013X},
author = {Junaed Younus Khan and Md. Tawkat Islam Khondaker and Sadia Afroz and Gias Uddin and Anindya Iqbal},
keywords = {Fake news, Fake news detection, Benchmark study, Machine learning, Neural network, Deep learning, BERT, Natural language processing},
}

@article{sentence_length_1,
author = {Rudnicka, Karolina},
year = {2018},
month = {11},
pages = {},
title = {Variation of sentence length across time and genre: influence on the syntactic usage in English},
isbn = {9789027263506},
journal = {Studies in Corpus Linguistics},
doi = {10.1075/scl.85.10rud}
}

@article{MD_ML_1,
author = {Shubha Mishra, Piyush Shukla, Ratish Agarwal},
year = {2022},
title = {Analyzing Machine Learning Enabled Fake News Detection Techniques for Diversified Datasets},
isbn = {9789027263506},
journal = {Wireless Communications and Mobile Computing},
doi = {10.1155/2022/1575365}
}

@article{MD_ML_2,
author="Ahmed, Hadeer
and Traore, Issa
and Saad, Sherif",
editor="Traore, Issa
and Woungang, Isaac
and Awad, Ahmed",
title="Detection of Online Fake News Using N-Gram Analysis and Machine Learning Techniques",
journal="Intelligent, Secure, and Dependable Systems in Distributed and Cloud Environments",
year="2017",
publisher="Springer International Publishing",
address="Cham",
pages="127--138",
isbn="978-3-319-69155-8"
}

@article{MD_ML_3,
  author={Gilda, Shlok},
  booktitle={2017 IEEE 15th Student Conference on Research and Development (SCOReD)}, 
  title={Notice of Violation of IEEE Publication Principles: Evaluating machine learning algorithms for fake news detection}, 
  year={2017},
  number={},
  pages={110-115},
  keywords={},
  doi={10.1109/SCORED.2017.8305411}}

@article{MD_ML_4,
author = {Conroy, Nadia K. and Rubin, Victoria L. and Chen, Yimin},
title = {Automatic deception detection: Methods for finding fake news},
journal = {Proceedings of the Association for Information Science and Technology},
volume = {52},
number = {1},
pages = {1-4},
keywords = {Deception detection, fake news detection, veracity assessment, news verification, methods, automation, SVM, knowledge networks, predictive modelling, fraud},
doi = {https://doi.org/10.1002/pra2.2015.145052010082},
url = {https://asistdl.onlinelibrary.wiley.com/doi/abs/10.1002/pra2.2015.145052010082},
year = {2015}
}

@Inbook{TF-IDF,
editor="Sammut, Claude
and Webb, Geoffrey I.",
title="TF--IDF",
bookTitle="Encyclopedia of Machine Learning",
year="2010",
publisher="Springer US",
address="Boston, MA",
pages="986--987",
isbn="978-0-387-30164-8",
doi="10.1007/978-0-387-30164-8_832",
url="https://doi.org/10.1007/978-0-387-30164-8_832"
}

@article{bert2019,
title={BERT: Pre-training of Deep Bidirectional Transformers for Language Understanding}, 
author={Jacob Devlin and Ming-Wei Chang and Kenton Lee and Kristina Toutanova},
year={2019},
eprint={1810.04805v2},
archivePrefix={arXiv},
}

@software{xlnet_github,
	title = {zihangdai/xlnet},
	rights = {Apache-2.0},
	url = {https://github.com/zihangdai/xlnet},
	abstract = {{XLNet}: Generalized Autoregressive Pretraining for Language Understanding},
	author = {Dai, Zihang},
	urldate = {2024-05-26},
	date = {2024-05-23},
	note = {original-date: 2019-06-19T08:16:46Z},
}

@software{electra_github,
	title = {google-research/electra},
	rights = {Apache-2.0},
	url = {https://github.com/google-research/electra},
	abstract = {{ELECTRA}: Pre-training Text Encoders as Discriminators Rather Than Generators},
	publisher = {Google Research},
	urldate = {2024-05-26},
	date = {2024-05-25},
	note = {original-date: 2020-03-10T03:42:50Z},
}


@article{ct_23_033_gptaugmenation,
title={DSHacker at CheckThat! 2023: Check-Worthiness in Multigenre and Multilingual Content With GPT-3.5 Data Augmentation}, 
author={Arkadiusz Modzelewski and Witold Sosnowski and Adam Wierzbicki},
year={2023},
pages="383--393",
volume = {3497},
journal = {CLEF 2023 Working Notes}
}

@article{data_aug_shorten2021text,
  title={Text data augmentation for deep learning},
  author={Shorten, Connor and Khoshgoftaar, Taghi M and Furht, Borko},
  journal={Journal of big Data},
  volume={8},
  number={1},
  pages={101},
  year={2021},
  publisher={Springer}
}

@inproceedings{data_aug_abulaish2019text,
  title={A text data augmentation approach for improving the performance of cnn},
  author={Abulaish, Muhammad and Sah, Amit Kumar},
  booktitle={2019 11th International Conference on Communication Systems \& Networks (COMSNETS)},
  pages={625--630},
  year={2019},
  organization={IEEE}
}

@article{he2021deberta,
      title={DeBERTa: Decoding-enhanced BERT with Disentangled Attention}, 
      author={Pengcheng He and Xiaodong Liu and Jianfeng Gao and Weizhu Chen},
      year={2021},
      eprint={2006.03654},
      archivePrefix={arXiv}
}

@article{data_aug_gpt_brown2020language,
      title={Language Models are Few-Shot Learners}, 
      author={Tom B. Brown and Benjamin Mann and Nick Ryder and Melanie Subbiah and Jared Kaplan and Prafulla Dhariwal and Arvind Neelakantan and Pranav Shyam and Girish Sastry and Amanda Askell and Sandhini Agarwal and Ariel Herbert-Voss and Gretchen Krueger and Tom Henighan and Rewon Child and Aditya Ramesh and Daniel M. Ziegler and Jeffrey Wu and Clemens Winter and Christopher Hesse and Mark Chen and Eric Sigler and Mateusz Litwin and Scott Gray and Benjamin Chess and Jack Clark and Christopher Berner and Sam McCandlish and Alec Radford and Ilya Sutskever and Dario Amodei},
      year={2020},
      eprint={2005.14165},
      archivePrefix={arXiv},
      primaryClass={cs.CL}
}

@article{ct_23_040_filtering,
title={OpenFact at CheckThat! 2023: Head-to-Head GPT vs. BERT - A Comparative Study of Transformers Language Models for the Detection of Check-worthy Claims}, 
author={Marcin Sawinski and Krzysztof Wecel and Ewelina Ksiezniak and Milena Strózyna and Wlodzimierz Lewoniewski and Piotr Stolarski and Witold Abramowicz},
year={2023},
pages="453--472",
volume = {3497},
journal = {CLEF 2023 Working Notes}
}

@article{kaplan2020scaling,
      title={Scaling Laws for Neural Language Models}, 
      author={Jared Kaplan and Sam McCandlish and Tom Henighan and Tom B. Brown and Benjamin Chess and Rewon Child and Scott Gray and Alec Radford and Jeffrey Wu and Dario Amodei},
      year={2020},
      eprint={2001.08361},
      archivePrefix={arXiv},
      primaryClass={cs.LG}
}

@article{meng2020gradientbased,
      title={Gradient-Based Adversarial Training on Transformer Networks for Detecting Check-Worthy Factual Claims}, 
      author={Kevin Meng and Damian Jimenez and Fatma Arslan and Jacob Daniel Devasier and Daniel Obembe and Chengkai Li},
      year={2020},
      eprint={2002.07725},
      archivePrefix={arXiv},
      primaryClass={cs.CL}
}